%% This BibTeX bibliography file was created using BibDesk.
%% https://bibdesk.sourceforge.io/

%% Created for Andreas Kryger Jensen at 2019-03-18 20:20:29 +0100 


%% Saved with string encoding Unicode (UTF-8) 



@article{rice1944mathematical,
	Author = {Rice, Stephen O},
	Date-Added = {2019-03-18 19:20:18 +0000},
	Date-Modified = {2019-03-18 19:20:26 +0000},
	Journal = {Bell System Technical Journal},
	Number = {3},
	Pages = {282--332},
	Title = {Mathematical analysis of random noise},
	Volume = {23},
	Year = {1944}}

@article{muller2010empirical,
	Author = {M{\"u}ller, Hans-Georg and Yao, Fang},
	Date-Added = {2019-03-15 23:31:19 +0000},
	Date-Modified = {2019-03-15 23:33:09 +0000},
	Journal = {The Annals of Statistics},
	Number = {6},
	Pages = {3458--3486},
	Title = {Empirical dynamics for longitudinal data},
	Volume = {38},
	Year = {2010}}

@article{foulkes1981index,
	Author = {Foulkes, Mary Ann and Davis, CE},
	Date-Added = {2019-03-15 23:29:28 +0000},
	Date-Modified = {2019-03-15 23:29:28 +0000},
	Journal = {Biometrics},
	Pages = {439--446},
	Publisher = {JSTOR},
	Title = {An index of tracking for longitudinal data},
	Year = {1981}}

@article{gottlieb2012stickiness,
	Author = {Gottlieb, Andrea and M{\"u}ller, Hans-Georg},
	Date-Added = {2019-03-15 23:27:07 +0000},
	Date-Modified = {2019-03-15 23:27:13 +0000},
	Journal = {Computational Statistics \& Data Analysis},
	Number = {12},
	Pages = {4000--4010},
	Title = {A stickiness coefficient for longitudinal data},
	Volume = {56},
	Year = {2012}}

@article{leadbetter1965mean,
	Author = {Leadbetter, M. R. and Cryer, J. D.},
	Date-Added = {2019-03-15 19:21:46 +0000},
	Date-Modified = {2019-03-15 19:22:13 +0000},
	Journal = {The Annals of Mathematical Statistics},
	Number = {2},
	Pages = {509--516},
	Title = {On the mean number of curve crossings by non-stationary normal processes},
	Volume = {36},
	Year = {1965}}

@article{gelman1992inference,
	Author = {Andrew Gelman and Donald B. Rubin},
	Date-Added = {2019-03-09 22:59:18 +0000},
	Date-Modified = {2019-03-09 22:59:38 +0000},
	Journal = {Statistical science},
	Number = {4},
	Pages = {457--472},
	Title = {Inference from iterative simulation using multiple sequences},
	Volume = {7},
	Year = {1992}}

@electronic{politiken,
	Author = {Helene Navne and Anders Legarth Schmidt and Lars Igum Rasmussen},
	Date-Added = {2019-03-09 21:42:26 +0000},
	Date-Modified = {2019-03-09 21:43:44 +0000},
	Title = {F{\o}rste gang i 20 {\aa}r: Flere danskere ryger},
	Url = {https://politiken.dk/forbrugogliv/sundhedogmotion/art6938627/Flere-danskere-ryger},
	Urldate = {2019},
	Bdsk-Url-1 = {https://github.com/aejensen/gptrendStan}}

@electronic{sst,
	Author = {{The Danish Health Authority}},
	Date-Added = {2019-03-09 21:35:21 +0000},
	Date-Modified = {2019-03-09 21:38:17 +0000},
	Title = {Danskernes rygevaner 2018},
	Url = {www.sst.dk/da/udgivelser/2019/danskernes-rygevaner-2018},
	Year = {2019},
	Bdsk-Url-1 = {www.sst.dk/da/udgivelser/2019/danskernes-rygevaner-2018}}

@electronic{gptrendStan,
	Author = {Andreas Kryger Jensen},
	Date-Added = {2019-03-09 10:57:15 +0000},
	Date-Modified = {2019-03-10 16:26:38 +0000},
	Title = {Stan implementations of the Gaussian Process Trend Direction Index},
	Url = {https://github.com/aejensen/TrendinessOfTrends},
	Urldate = {2019},
	Bdsk-Url-1 = {https://github.com/aejensen/gptrendStan}}

@article{carpenter2017stan,
	Author = {Carpenter, Bob and Gelman, Andrew and Hoffman, Matthew D and Lee, Daniel and Goodrich, Ben and Betancourt, Michael and Brubaker, Marcus and Guo, Jiqiang and Li, Peter and Riddell, Allen},
	Date-Added = {2019-03-09 10:43:56 +0000},
	Date-Modified = {2019-03-09 10:44:03 +0000},
	Journal = {Journal of statistical software},
	Number = {1},
	Title = {Stan: A probabilistic programming language},
	Volume = {76},
	Year = {2017}}

@article{scheuerer2010regularity,
	Author = {Scheuerer, Michael},
	Date-Added = {2019-03-08 15:10:50 +0000},
	Date-Modified = {2019-03-09 10:44:18 +0000},
	Journal = {Stochastic Processes and their Applications},
	Number = {10},
	Pages = {1879--1897},
	Title = {Regularity of the sample paths of a general second order random field},
	Volume = {120},
	Year = {2010}}

@book{rasmussen2003gaussian,
	Author = {Rasmussen, C. E. and Williams, C. K. I.},
	Date-Added = {2019-03-07 22:33:08 +0000},
	Date-Modified = {2019-03-07 22:35:24 +0000},
	Publisher = {MIT Press},
	Title = {Gaussian processes in machine learning},
	Year = {2006}}

@misc{rstan,
	Author = {{Stan Development Team}},
	Date-Added = {2019-03-07 22:28:37 +0000},
	Date-Modified = {2019-03-07 22:28:54 +0000},
	Note = {R package version 2.18.2},
	Title = {{RStan}: the {R} interface to {Stan}},
	Url = {http://mc-stan.org/},
	Year = {2018},
	Bdsk-Url-1 = {http://mc-stan.org/}}

@book{cramer1967stationary,
	Author = {Cramer, Harald and Leadbetter, M. R.},
	Date-Added = {2019-03-07 21:42:11 +0000},
	Date-Modified = {2019-03-07 21:43:46 +0000},
	Publisher = {John Wiley & Sons, Inc.},
	Title = {Stationary and Related Stochastic Processes -- Sample Function Properties and their Applications.},
	Year = {1967}}

@article{picard1985testing,
	Author = {Picard, Dominique},
	Date-Added = {2019-03-07 20:39:56 +0000},
	Date-Modified = {2019-03-09 10:44:12 +0000},
	Journal = {Advances in applied probability},
	Number = {4},
	Pages = {841--867},
	Title = {Testing and estimating change-points in time series},
	Volume = {17},
	Year = {1985}}
